2608 4256
271 473 289 534 8
489 489 606 530 uinaau
622 491 731 532 vnnsns
743 491 778 531 m
794 490 876 531 num.

1114 573 1172 625 oe
1190 559 1202 650 f

273 579 394 692 Quum
407 614 502 672 &neti
515 621 598 686 atque
612 615 720 688 Sancte,
737 616 855 686 rogitate
865 615 1031 692 Dominum„

270 720 324 789 Qui
337 727 499 778 cunctorum
510 727 552 778 est
562 727 669 779 creator
679 691 709 778 et
717 721 1016 786 redentornominum,
1034 747 1058 794 '·.
1166 709 1173 718 '

272 825 430 899 Cujusesse
447 842 503 883 non
521 828 625 900 incepit
640 844 691 885 nee
704 827 816 885 habebit
833 826 999 891 terminum,
1286 867 1287 946 1

181 955 188 973 «
272 933 311 989 Ut
324 932 465 1004 detergat,
480 935 503 988 si
517 949 585 1006 quas
599 933 682 990 habet
695 932 770 1002 Eva,
784 932 876 988 sordes
887 929 1047 998 criminum,

271 1069 349 1164 Pao
362 1065 470 1162 lienvoo
483 1122 594 1180 quoque
606 1121 657 1164 sno
668 1107 796 1179 diligenti
807 1106 923 1173 comite,
1021 1089 1032 1124 ¹
1085 1152 1101 1188 Α
1179 1067 1207 1120 ⁹¹⁸

270 1212 409 1306 Quoquo
419 1221 495 1271 teoto
506 1231 561 1271 non
573 1216 696 1272 cessabat
708 1216 839 1276 anbuiave
853 1215 976 1282 tramite,
1167 1205 1182 1228 ‘

272 1323 355 1396 Apud
369 1339 451 1380 suum
468 1329 617 1380 creatorem
630 1339 723 1395 preces
739 1329 843 1380 vestras
856 1319 976 1406 mittite,

273 1429 327 1498 Ut,
342 1429 410 1486 dum
425 1431 516 1500 vivet,
532 1431 624 1503 ipsum
637 1435 727 1486 servet
740 1447 756 1486 a
770 1429 872 1502 peceati
885 1427 991 1500 fomite

82 1625 90 1653 ³
155 1646 162 1664 .
271 1570 365 1666 vion
378 1626 443 1666 voro
454 1616 518 1681 post
530 1625 674 1670 excessum
684 1595 741 1668 non
753 1609 834 1666 vadat
846 1611 880 1666 ad
894 1584 996 1674 interm
1082 1581 1136 1658 'a

270 1712 324 1766 Sed
339 1712 488 1783 nodenptpr
501 1727 565 1768 eum
579 1727 646 1769 suns
660 1713 780 1770 deducat
791 1711 830 1768 'ad
843 1709 953 1779 ethnam

267 1818 309 1874 vUt
323 1819 371 1890 qni
384 1789 465 1873 terri}
478 1818 631 1874 insistendo
645 1818 772 1873 toteravit
785 1831 894 1888 aspera,

271 1925 358 1988 Grata
373 1926 430 1980 vite
443 1925 495 1981 onii
509 1929 598 1980 sumat
610 1924 671 1982 sine
686 1922 898 1995 fine'prospera.

665 2138 702 2192 n.
727 2095 729 2100 ¹

401 2337 440 2376 AD
452 2335 713 2380 saucuiuoulntnu
729 2308 841 2372 nonius
856 2331 965 2372 BONAM·

270 2482 365 2586 Ave,
381 2518 471 2587 Bona,
487 2517 559 2572 bona
573 2517 685 2588 quidem
698 2523 726 2574 et
739 2518 874 2574 bonarum
888 2517 1006 2588 optima,

194 2627 202 2647 “
268 2630 376 2684 Nomen
391 2627 510 2694 bonnm,
526 2626 599 2682 sama
616 2627 704 2692 bona,
719 2627 765 2683 sed
780 2644 822 2684 ves
837 2627 924 2684 multo
938 2628 1073 2698 maxima,
1111 2621 1115 2636 ⁴

269 2735 372 2789 Bonam
387 2733 452 2788 satis
467 2738 495 2810 te
507 2734 639 2804 produxit
652 2735 772 2806 benigna
785 2735 931 2800 nativitas,

268 2837 321 2894 Sed
336 2839 429 2892 innata
443 2837 502 2894 dies
514 2844 577 2895 tuos
586 2839 644 2910 jam
659 2840 789 2910 precessit
802 2839 924 2895 bonitas.

191 3089 192 3096 ,
271 2995 418 3090 Sancum
432 3032 490 3099 iiii,
505 3032 576 3086 sieut
588 3013 684 3094 credo,
700 3029 852 3100 predicavit
862 3017 993 3101 Spiritus,

266 3137 396 3210 Quisquis
408 3137 472 3206 init,
484 3137 530 3207 qui
547 3143 573 3204 te
585 3131 688 3192 Bonam
703 3135 830 3208 apellavit
845 3136 983 3205 primitus.

268 3244 372 3310 Nomen
384 3242 488 3302 honum
504 3240 556 3295 tibi
573 3240 671 3296 trustra
682 3255 716 3295 ne
727 3239 979 3308 ioietinpositum‚

270 3349 330 3406 Vite
346 3347 433 3414 bone,
447 3347 537 3414 Bona,
555 3360 639 3418 grave
650 3331 747 3416 cepisti
763 3333 945 3416 propositum.
1017 3337 1018 3344 '
