2608 4256
396 528 514 569 nmnnn
530 528 634 568 vsnsus
649 527 685 566 nr
701 525 782 567 uuor.
828 563 832 570 ,
985 505 1002 562 9

160 617 307 716 ¹Mrnun
318 654 396 710 valde
409 655 484 726 quod
496 653 554 711 hoeo
567 655 627 725 poti
640 653 712 708 volet
726 655 791 706 setas
805 654 913 718 tonora3

148 791 153 802 ·
176 763 320 840 Somno
331 764 409 821 fortis
420 765 510 835 ipsam
522 764 593 820 boue
605 762 761 834 regitinter
776 776 881 832 aspera.
936 833 939 840 μ

120 881 121 887 ’
176 866 285 941 Corpus
298 871 378 925 annis
388 875 428 926 est
443 869 584 937 infirmus,
600 869 646 924 sed
658 874 782 923 maturus
794 868 901 936 animus

174 953 267 1029 Portet
278 989 348 1030 onus
362 973 435 1073 qugd
448 979 556 1045 portare
570 959 667 1045 nequit
677 970 882 1044 pusillanimus.

154 1188 157 1198 s
174 1104 297 1221 Bonum
311 1157 412 1196 nomen
423 1157 522 1213 senper
534 1157 603 1213 opus
616 1141 762 1198 comitetur
771 1139 893 1206 celebre3

119 1243 125 1256 '
175 1243 269 1316 Atque
283 1245 346 1324 vide
359 1245 432 1316 quod
441 1245 488 1302 'est
502 1246 531 1301 in
544 1253 572 1302 te
582 1233 690 1315 lumen,
703 1260 739 1300 ue
749 1244 806 1300 sint
819 1243 942 1298 tenebre.

174 1344 282 1416 Crede,‘
291 1348 387 1417 Bonn,
402 1349 495 1406 minus
507 1365 566 1415 osse
580 1349 702 1405 veritatis
715 1347 841 1403 semitam

173 1453 240 1534 Non!
249 1455 376 1547 novisse,
394 1470 480 1525 quom
490 1470 618 1527 perverse
630 1453 775 1525 reliquisse
786 1452 938 1523 cognitum.
975 1455 979 1464 '
1041 1451 1045 1458 ’

142 1660 150 1672 .
171 1585 275 1689 Nun,
290 1622 426 1692 scriptura
438 1637 513 1678 sacru
527 1600 930 1700 teste,1)eusillumdespioit‚'

171 1727 214 1784 Ad
229 1725 351 1814 anstrum
366 1746 451 1787 manu
463 1715 556 1802 missa,
571 1731 620 1802 qui
636 1724 820 1802 postterg'um
828 1729 956 1801 respicit.

169 1829 242 1893 notu
256 1821 352 1920 uxoris
365 1839 509 1908 recordare
520 1855 605 1916 quam
619 1841 649 1896 in
664 1855 761 1898 saxum
774 1839 914 1898 transtulit

169 1936 430 2026 Summusviudex,
446 1945 514 2002 dum
529 1945 562 2003 od
574 1961 653 2002 suam
670 1945 768 2002 urbem
781 1945 872 2026 visum
890 1943 996 1998 retulit.

133 2127 154 2178 ,·
172 2070 288 2166 Snxun
302 2110 371 2170 illud
387 2110 486 2176 [nisum
500 2111 553 2166 fuit
567 2113 632 2180 quis
649 2111 730 2165 nobis
744 2115 859 2179 generat

171 2212 405 2284 condimentum,
422 2233 457 2272 ne
468 2217 612 2274 dimissum
625 2233 674 2273 nos
688 2215 956 2289 peecatumreierat.

136 2309 142 2318 '
169 2320 234 2378 Plus
247 2322 385 2381 commisit
400 2323 451 2379 tibi
469 2323 543 2380 Deus
556 2317 641 2395 quam
652 2321 820 2396 quibusdum
830 2321 948 2406 ceterist
1026 2319 1029 2328 ’

169 2426 250 2494 Quod
264 2427 385 2500 benigne
397 2430 534 2486 conditori
548 2431 571 2486 si
584 2435 615 2487 tu
627 2442 686 2496 non
698 2425 868 2497 reddideris,

169 2553 273 2648 Huu!
288 2609 370 2662 quam
381 2611 462 2666 grave
472 2596 631 2653 detruderis
641 2597 677 2650 de
690 2603 761 2652 torro
772 2597 942 2663 viventium,

168 2694 237 2751 Illuc
250 2695 394 2753 ubissetus
404 2699 457 2752 erit
467 2685 551 2769 atque
565 2699 665 2754 stridor
678 2693 824 2754 dentium!

168 2799 220 2855 Est
232 2803 368 2858 conmissa
382 2803 437 2858 tibi
446 2804 541 2876 laupas
553 2805 594 2860 uti
607 2805 697 2860 lucem
711 2805 839 2875 probent,

167 2909 234 2977 Quoe
248 2910 382 2965 nimirum
397 2912 576 2981 extinguetur
590 2907 670 2987 (oleo)
684 2911 706 2966 si
718 2918 821 2968 cureat.

167 3035 384 3132 Monscusms
398 3077 461 3132 rito
477 3090 579 3134 nomen
593 3077 737 3150 tonpndem
749 3078 917 3148 considera‚·

63 3251 66 3256 1
166 3184 323 3258 oleumque
335 3187 416 3244 erede
427 3187 482 3244 diei
495 3189 558 3245 vite
573 3189 634 3244 talis
650 3205 741 3262 opera.

167 3289 339 3347 Monnohalis
354 3293 429 3348 enim
447 3294 546 3365 cuique
561 3293 672 3350 habitus
690 3311 747 3351 non
763 3293 883 3378 sufficit,

168 3396 196 3450 Si
209 3397 261 3452 sub
278 3404 353 3452 veste
369 3399 504 3456 monoculi
522 3401 625 3472 bonum
641 3415 710 3470 opus
728 3399 833 3454 deficit.

205 3644 239 3694 ιι,
