2608 4256
292 471 312 532 t
504 486 621 526 uruann
638 485 744 528 cursus
760 483 795 525 ur
813 485 897 526 uuor.

291 577 417 674 Manus
430 613 491 686 ejus
504 627 601 682 senper
616 612 688 684 sugit
701 611 835 668 inmunda
850 610 1024 680 contingere3
1044 627 1047 636 ·

292 723 354 780 Nun
368 722 510 778 consuevit
525 737 573 792 pes
587 721 673 794 ipsius
688 719 722 776 ad
741 720 839 776 nociva
856 719 978 776 tendere.

288 825 498 882 Sensusornnis
514 825 675 880 intendebat
690 825 719 884 in
733 823 814 881 bonis
828 824 996 896 expendere3
1048 878 1053 888 ,

289 932 364 1004 ipsos
375 914 450 986 er'rim
463 930 613 1001 diligenter
626 921 753 986 flectebat
768 946 784 984 a
802 929 900 985 cetere.
909 920 950 1008 (1)

288 1072 479 1168 Osruruun
493 1107 629 1176 abatissa,
645 1106 819 1164 mirabantur
827 1107 921 1176 socie,
1006 1089 1014 1120 ³

287 1214 501 1292 Quodperierre
513 1218 586 1270 tanta
597 1226 688 1284 posset
698 1218 755 1267 etas
769 1211 888 1284 puericie
899 1229 906 1279 ;

160 1379 164 1390 ,
251 1328 258 1340 ·
285 1301 473 1388 Mirabantur,
487 1320 617 1393 inquam,
634 1329 748 1385 omnes,
764 1321 792 1372 et
805 1315 912 1374 fortasis
927 1319 1016 1374 nescie

142 1401 149 1414 ⁴
251 1425 356 1496 ·Quia
369 1423 436 1480 deus
452 1417 607 1495 agonistam
621 1425 758 1508 sustentat¹
772 1419 801 1474 in
813 1419 879 1476 acie.
956 1475 963 1488 ,

297 1533 302 1540 .
401 1543 414 1570 γ
499 1563 507 1579 .

271 1536 379 1656 'Ecce
390 1612 465 1652 sacre
474 1597 531 1666 jam
547 1593 679 1665 patebant
693 1595 812 1650 actiones
826 1593 952 1664 virginis.
1023 1637 1025 1644 .
1062 1633 1063 1636 ,

285 1694 450 1770 Predicabat*
459 1718 490 1758 ea
504 1703 604 1772 vulgus
619 1709 646 1757 ct
657 1707 796 1758 consortes
808 1701 932 1772 ordinis3
1005 1701 1011 1724 ¹

285 1809 364 1879 Quod
376 1798 505 1864 aborren‘s
517 1805 575 1862 Era
586 1804 705 1860 muttum
720 1805 800 1860 velud
816 1821 915 1861 noxam
930 1807 1070 1876 criminis,

285 1909 492 1984 Quibus'primo
503 1909 667 1992 convivebat
680 1910 790 1966 secessit
803 1927 818 1966 a
831 1910 952 1968 seminis.

209 2059 218 2082 κ
287 2048 362 2143 less
377 2101 451 2142 mare
463 2083 642 2158 pertransivit
651 2085 716 2140 satis
728 2084 793 2142 torti
804 2092 929 2158 pectore,

286 2191 362 2248 Licet
371 2205 470 2264 senper
484 2195 666 2264 tenpestatetn
680 2193 843 2264 persentiret
853 2185 940 2247 afore.

286 2295 458 2367 Andegavinr
473 2295 584 2366 tandem
597 2297 685 2364 venit,
703 2295 815 2368 fatigato
828 2310 958 2366 corpore,
1059 2301 1063 2310 '

287 2401 338 2458 Sed
354 2415 432 2456 mens
442 2403 499 2456 erat
512 2401 541 2454 in
558 2399 684 2472 supernis
696 2400 772 2454 omni
787 2398 865 2455 firma
878 2407 1002 2474 tenpore.

289 2537 387 2656 Quis
399 2589 466 2630 vero
475 2573 632 2645 requirebat
645 2575 734 2630 iocum
743 2575 913 2645 solitarium,

285 2681 324 2736 Ut
339 2696 434 2736 vacare
447 2680 528 2751 plene
540 2685 632 2753 posset
644 2680 677 2736 ad
688 2680 739 2735 Dei
750 2681 909 2750 servitium,

285 2785 404 2842 Tandem
420 2784 488 2856 tegit
502 2786 556 2842 sibi
571 2787 661 2842 iocum
678 2787 811 2842 Sanctum
827 2785 995 2859 Eutropium

247 2873 251 2884 ⁵
284 2885 370 2962 Qtienr
384 2888 504 2977 previdit
514 2889 569 2946 sibi
584 2890 650 2946 boni
663 2890 749 2945 tocius
763 2889 887 2954 inicium,
991 2871 1001 2911 ³

250 3086 271 3129 oo
285 3029 340 3123 lui
355 3063 492 3136 quondam
507 3064 534 3117 in
553 3063 661 3120 recluso
674 3063 783 3118 maurit
798 3061 908 3120 Christo
924 3067 1032 3135 dedita,

211 3197 214 3206 ·
284 3170 321 3226 Et
335 3167 497 3242 placebatei
512 3153 629 3222 rudium
643 3166 693 3238 ¹bec
707 3167 816 3222 vivendi
830 3169 940 3236 semita,

362 3258 372 3290 ί
489 3263 491 3272 ’
824 3274 826 3282 ,

320 3349 357 3415 (t)
376 3338 402 3395 u'.
417 3313 511 3406 sceui-o.
578 3307 590 3352 ³
