2608 4256
268 526 306 588 20
480 509 597 585 uruliur
618 543 722 587 rursus
743 543 779 585 ur
801 537 883 586 uum.

658 695 711 750 lx.

444 823 498 866 lo·
519 824 672 866 russum
701 825 905 868 lucurcurr.

265 939 362 1047 Ars,
379 964 448 1048 pricr
462 978 600 1048 speciose,
617 976 664 1047 qui
679 989 736 1030 nou
750 975 841 1046 queris
852 976 992 1047 precium,

265 1079 319 1151 Qui
332 1086 359 1136 te
370 1079 443 1135 dono
454 1079 596 1152 conparari
607 1093 748 1134 summum
760 1077 837 1134 ducis
851 1079 968 1149 vicium3

265 1189 298 1244 ln
309 1205 364 1260 quo
377 1188 460 1254 decor
473 1191 501 1242 et
515 1186 641 1243 honestas
651 1186 754 1258 delegit
765 1184 937 1257 hospicium

265 1295 366 1351 Forma
381 1293 461 1365 cujus
474 1293 527 1349 sibi
541 1293 616 1366 capit
627 1293 718 1348 oculos
732 1290 933 1364 spectandum.

268 1422 388 1522 Currus
400 1459 497 1530 durus,
510 1476 540 1516 os
548 1459 677 1517 decorum
688 1459 829 1531 cervisque
840 1452 883 1538 (l)
895 1456 1051 1525 candidule,

265 1567 361 1626 Sermo
372 1567 492 1651 olardus
505 1572 534 1623 et
548 1569 661 1638 suavis3
674 1568 721 1626 sed
737 1568 803 1640 quid
814 1569 924 1626 laudem
936 1551 1069 1638 singula?

266 1675 350 1730 Totus
363 1672 478 1745 pulcher
490 1677 519 1728 et
532 1673 665 1743 decorus,
678 1690 727 1731 uec
738 1680 781 1731 est
795 1675 824 1730 iri
834 1679 861 1730 te
875 1675 995 1740 maculer

268 1780 322 1838 Sed
334 1795 445 1836 vacuare
456 1779 573 1835 castitati
588 1781 652 1835 talis
664 1782 766 1851 nequid
778 1775 905 1838 formula.

266 1907 350 2008 Curi
362 1951 499 2002 naturate
513 1947 633 2017 creavit,
648 1945 787 2004 dubitarit
801 1949 946 2020 paululum

267 2055 296 2112 Si
309 2054 443 2140 proferret
454 2058 482 2110 te
495 2053 631 2126 puellum,
646 2069 682 2110 an
697 2051 830 2126 proterret
840 2056 1007 2125 masculum3

267 2160 321 2218 sed
332 2162 401 2220 dum
412 2161 441 2216 in
451 2160 504 2217 hoc
514 2158 642 2232 eligendo
653 2160 755 2217 mentis
765 2159 827 2233 figit
840 2163 968 2230 oculum,

265 2256 339 2324 'Ecce
351 2267 461 2341 prodis,
480 2267 509 2322 iu
522 2276 672 2323 cummune'
685 2269 767 2322 uatus
779 2260 812 2322 ad
829 2268 1010 2339 pectaculum.
1020 2261 1062 2345 (2)

268 2395 308 2490 P
308 2432 442 2498 o'srouru
454 2445 518 2486 vero
535 2429 586 2484 tibi
600 2445 713 2484 manum
728 2435 880 2488 extremam
894 2431 1018 2502 adibuit,

268 2533 320 2592 Est
330 2537 427 2592 mirata
438 2535 505 2607 quia
519 2535 603 2591 talem
616 2540 642 2590 tc
653 2551 757 2593 creasse
768 2537 875 2610 potuit3

271 2641 324 2698 Sed
339 2645 467 2696 naturam
481 2639 510 2695 in
524 2638 576 2708 hoc
587 2641 675 2698 solum
688 2623 819 2700 erravisse
834 2645 940 2718 patuit,

268 2743 365 2817 Quod,
378 2761 440 2802 cum
455 2751 530 2803 tauta
543 2749 720 2819 contulisset,
735 2753 762 2810 tc
776 2753 921 2810 mortalem
935 2753 1044 2810 statuit.

273 2876 354 2971 Tim
367 2913 470 2984 nequid
485 2917 626 2986 conparari
639 2915 771 2984 quislibet
781 2917 960 2986 mortalium,

270 3018 358 3088 Quem
372 3026 472 3076 natura
484 3020 537 3076 sibi
550 3021 614 3076 lecit
627 3020 797 3090 singularem
809 3019 914 3088 lilium3

269 3123 302 3180 ln
317 3128 344 3179 te
354 3123 407 3180 sibi
419 3124 575 3196 pulcritudo
587 3123 653 3195 legit
666 3123 812 3180 domilium
821 3165 829 3194 ,
839 3119 880 3202 (3)

269 3229 356 3304 Cujus
367 3229 437 3286 nitet
448 3245 597 3300 carucata,
611 3229 730 3286 candens
741 3230 783 3286 uti
794 3230 895 3289 lilium.

306 3387 345 3454 (ι)
366 3385 586 3455 cenisque-(r)
600 3389 761 3451 speleum.
782 3415 815 3428 -
835 3387 874 3459 (s)
892 3390 1042 3442 comessurum.
